@article{Silver:1997:TVT:614266.614369,
 author = {Silver, Deborah and Wang, Xin},
 title = {Tracking and Visualizing Turbulent 3D Features},
 journal = {IEEE Transactions on Visualization and Computer Graphics},
 volume = {3},
 number = {2},
 month ={},
 year = {1997},
 issn = {1077-2626},
 pages = {129--141},
 numpages = {13},
 %url = {http://dx.doi.org/10.1109/2945.597796},
 %doi = {10.1109/2945.597796},
 acmid = {614369},
 publisher = {IEEE Educational Activities Department},
 address = {Piscataway, NJ, USA},
 keywords = {Scientific visualization, multidimensional visualization, feature tracking, computer vision, CFD, isosurfaces, volume rendering.},
}


@PhdThesis{Reinders2001,
	author = {Reinders, Koob F.J.},
	title = {Feature-Based Visualization of Time-Dependent Data},
	school = {Delft University of Technology},
	year = {2001}
}

@inproceedings{Ji2003,
	author = {Ji, Guangfeng and Shen, Han-Wei and Wenger, Rephael},
	title = {Volume Tracking Using Higher Dimensional Isosurfacing},
	booktitle = {Proceedings of IEEE Visualization},
	year = {2003},
	pages = {209-216},
}

@inproceedings{Ji2006,
	author = {Ji, Guangfeng and Shen, HW},
	booktitle = {Proceedings of Pacific Graphics},
	title = {Feature tracking using earth mover's distance and global optimization},
	year = {2006}
}

@article{Caban2007,
	author = {Caban, J.J. and Joshi, A. and Rheingans, P.},
	journal = {IEEE Transactions on Visualization and Computer Graphics},
	title = {Texture-based feature tracking for effective time-varying data visualization},
	year = {2007},
	month = {},
	volume = {13},
	number = {6},
	pages = {1472 -1479},
	%doi = {10.1109/TVCG.2007.70599},
	ISSN = {1077-2626}
}

@article{Bremer2007,
	author={P-T Bremer and E M Bringa and M A Duchaineau and A G Gyulassy and D Laney and A Mascarenhas and V Pascucci},
	title={Topological feature extraction and tracking},
	journal={Journal of Physics: Conference Series},
	volume={78},
	number={1},
	pages={012007},
	year={2007}
}

@inproceedings{Muelder2009,
	author={Muelder, C. and Kwan-Liu Ma},
	booktitle={Proceedings of IEEE Pacific Visualization Symposium},
    title={Interactive feature extraction and tracking by utilizing region coherency},
	year={2009},
	pages={17 -24},
	keywords={batch-mode processing;computing resources;feature tracking;interactive feature extraction;large-scale numerical simulations;prediction-correction method;storage overhead;storage space;temporal-space coherency;time-varying flow features;utilizing region coherency;data visualisation;feature extraction;storage management;},
	%doi={10.1109/PACIFICVIS.2009.4906833}
}

@INPROCEEDINGS{Chen03realtime,
    author = {J. Chen and D. Silver and M. Parashar},
    title = {Real time feature extraction and tracking in a computational steering environment},
    booktitle = {Proceedings of High Performance Computing Symposium},
    year = {2003},
    pages = {155-160}
}

@inproceedings{Liu2010,
	author = {Jiangyu Liu and Jian Sun },
	booktitle = {Proceedings of Computer Vision and Pattern Recognition},
	pages = {2181--2188},
	title = {{Parallel graph-cuts by adaptive bottom-up merging}},
	year = {2010}
}

@inproceedings{36247,
    title = {Efficient Hierarchical Graph-Based Video Segmentation},
    author  = {Matthias Grundmann and Vivek Kwatra and Mei Han and Irfan Essa},
    year  = 2010,
    booktitle = {Proceedings of Computer Vision and Pattern Recognition}
}

@inproceedings{Klein2002,
    author = {Allison W. Klein and Peter-pike J. Sloan and Adam Finkelstein and Michael F. Cohen},
    title = {Stylized Video Cubes},
    booktitle = {Proceedings of ACM SIGGRAPH Symposium on Computer Animation},
    year = {2002},
    pages = {15--22}
}

@article{Boykov2004,
	author={Boykov, Y. and Kolmogorov, V.},
	journal={IEEE Transactions on Pattern Analysis and Machine Intelligence},
    title={An experimental comparison of min-cut/max- flow algorithms for energy minimization in vision},
	year={2004},
	volume={26},
	number={9},
	pages={1124 -1137},
}

@INPROCEEDINGS{Huang2003,
	author={Runzhen Huang and Kwan-Liu Ma},
	booktitle={Computer Graphics and Applications, 2003. Proceedings. 11th Pacific Conference on}, title={RGVis: region growing based techniques for volume visualization},
	year={2003},
	month={oct.},
	volume={},
	number={},
	pages={355 - 363},
}

@ARTICLE{Schlemmer2007,
	author={Schlemmer, M. and Heringer, M. and Morr, F. and Hotz, I. and Bertram, M.-H. and Garth, C. and Kollmann, W. and Hamann, B. and Hagen, H.},
	journal={Visualization and Computer Graphics, IEEE Transactions on}, title={Moment Invariants for the Analysis of 2D Flow Fields},
	year={2007},
	month={nov.-dec. },
	volume={13},
	number={6},
	pages={1743 -1750},
}

@book{Lohmann1998,
    author={G. Lohmann},
    title={Volumetric Image Analysis},
    publisher={Wiley \& Teubner Press},
    year={1998},
}
