@article{Silver1997,
	author = "D. Silver",
	title = "Tracking and visualizing turbulent 3d features",
	journal = "Visualization and Computer Graphics",
	volume = "3",
	number = "2",
	year = "1997",
	pages = "129--141"
}

@PhdThesis{Reinders2001,
	author = {Reinders, K.F.J.},
	title = {Feature-Based Visualization of Time-Dependent Data},
	school = {Delft University of Technology},
	year = {2001}
}

@inproceedings{Ji2003,
	author = {Ji, Guangfeng and Shen, Han-Wei and Wenger, Rephael},
	title = {Volume Tracking Using Higher Dimensional Isosurfacing},
	booktitle = {Proceedings of the 14th IEEE Visualization 2003 (VIS'03)},
	series = {VIS '03},
	year = {2003},
	isbn = {0-7695-2030-8},
	pages = {28--},
	url = {http://dx.doi.org/10.1109/VISUAL.2003.1250374},
	doi = {10.1109/VISUAL.2003.1250374},
	acmid = {1081472},
	publisher = {IEEE Computer Society},
	address = {Washington, DC, USA},
	keywords = {tracking, isosurface, interval volume, higher dimensional isosurfacing}
} 

@article{Ji2006,
	author = {Ji, Guangfeng and Shen, HW},
	journal = {Proceedings of Pacific Graphics 2006},
	title = {Feature tracking using earth mover's distance and global optimization},
	year = {2006}
}

@article{Caban2007, 
	author = {Caban, J.J. and Joshi, A. and Rheingans, P.}, 
	journal = {Visualization and Computer Graphics, IEEE Transactions on}, 
	title = {Texture-based feature tracking for effective time-varying data visualization}, 
	year = {2007}, 
	month = {nov.-dec.}, 
	volume = {13}, 
	number = {6}, 
	pages = {1472 -1479}, 
	doi = {10.1109/TVCG.2007.70599}, 
	ISSN = {1077-2626}
}

@article{Bremer2007,
	author={P-T Bremer and E M Bringa and M A Duchaineau and A G Gyulassy and D Laney and A Mascarenhas and V Pascucci},
	title={Topological feature extraction and tracking},
	journal={Journal of Physics: Conference Series},
	volume={78},
	number={1},
	pages={012007},
	year={2007}
}

@inproceedings{Muelder2009, 
	author={Muelder, C. and Kwan-Liu Ma}, 
	booktitle={Visualization Symposium, 2009. PacificVis '09. IEEE Pacific}, title={Interactive feature extraction and tracking by utilizing region coherency}, 
	year={2009}, 
	month={april}, 
	pages={17 -24}, 
	keywords={batch-mode processing;computing resources;feature tracking;interactive feature extraction;large-scale numerical simulations;prediction-correction method;storage overhead;storage space;temporal-space coherency;time-varying flow features;utilizing region coherency;data visualisation;feature extraction;storage management;}, 
	doi={10.1109/PACIFICVIS.2009.4906833}
}

@article{Chen2003,
	author = {Chen, J and Silver, D and Parashar, M},
	journal = {Proceedings of the 11th high \ldots},
	keywords = {computational steering,distributed algorithm,feature extraction,visualization},
	title = {Real time feature extraction and tracking in a computational steering environment},
	year = {2003}
}

@article{Liu2010,
	author = {Liu, Jiangyu},
	doi = {10.1109/CVPR.2010.5539898},
	isbn = {978-1-4244-6984-0},
	journal = {2010 IEEE Computer Society Conference on Computer Vision and Pattern Recognition},
	month = jun,
	pages = {2181--2188},
	publisher = {Ieee},
	title = {{Parallel graph-cuts by adaptive bottom-up merging}},
	url = {http://ieeexplore.ieee.org/lpdocs/epic03/wrapper.htm?arnumber=5539898},
	year = {2010}
}

@article{Grundmann2010,
	author = {Grundmann, Matthias and Kwatra, Vivek and Han, Mei and Essa, Irfan},
	doi = {10.1109/CVPR.2010.5539893},
	isbn = {978-1-4244-6984-0},
	journal = {2010 IEEE Computer Society Conference on Computer Vision and Pattern Recognition},
	month = jun,
	pages = {2141--2148},
	publisher = {Ieee},
	title = {{Efficient hierarchical graph-based video segmentation}},
	url = {http://ieeexplore.ieee.org/lpdocs/epic03/wrapper.htm?arnumber=5539893},
	year = {2010}
}

@inproceedings{Klein2002,
    author = {Allison W. Klein and Peter-pike J. Sloan and Adam Finkelstein and Michael F. Cohen},
    title = {Stylized Video Cubes},
    booktitle = {In ACM SIGGRAPH Symposium on Computer Animation},
    year = {2002},
    pages = {15--22}
}

@article{Boykov2004, 
	author={Boykov, Y. and Kolmogorov, V.}, 
	journal={Pattern Analysis and Machine Intelligence, IEEE Transactions on}, title={An experimental comparison of min-cut/max- flow algorithms for energy minimization in vision}, 
	year={2004}, 
	month={sept. }, 
	volume={26}, 
	number={9}, 
	pages={1124 -1137}, 
	keywords={Ford-Fulkerson style algorithms;Goldberg-Tarjan style methods;augmenting path algorithms;combinatorial optimization;computer vision;energy minimization;graph algorithms;image restoration;image segmentation;image stereo;low level vision;minimum cut-maximum flow algorithms;polynomial time complexity;push-relabel methods;computational complexity;computer vision;directed graphs;image restoration;image segmentation;minimax techniques;stereo image processing;tree searching;Algorithms;Artificial Intelligence;Cluster Analysis;Energy Transfer;Image Enhancement;Image Interpretation, Computer-Assisted;Imaging, Three-Dimensional;Information Storage and Retrieval;Pattern Recognition, Automated;Photogrammetry;Photography;Reproducibility of Results;Sensitivity and Specificity;}, 
	doi={10.1109/TPAMI.2004.60}, 
	ISSN={0162-8828}
}